<?xml version="1.0" encoding="UTF-8"?><record xmlns="http://www.loc.gov/MARC21/slim" xmlns:cinclude="http://apache.org/cocoon/include/1.0" xmlns:zs="http://www.loc.gov/zing/srw/">
  <leader>00800cz  a2200193n  4500</leader>
  <controlfield tag="001">n 2012184739</controlfield>
  <controlfield tag="003">DLC</controlfield>
  <controlfield tag="005">20120610074820.0</controlfield>
  <controlfield tag="008">120518n| acannaabn          |a aaa      </controlfield>
  <datafield tag="010" ind1=" " ind2=" ">
    <subfield code="a">n 2012184739</subfield>
  </datafield>
  <datafield tag="035" ind1=" " ind2=" ">
    <subfield code="a">(OCoLC)oca09203503</subfield>
  </datafield>
  <datafield tag="040" ind1=" " ind2=" ">
    <subfield code="a">DNLM</subfield>
    <subfield code="b">eng</subfield>
    <subfield code="c">DNLM</subfield>
    <subfield code="d">DNLM</subfield>
  </datafield>
  <datafield tag="046" ind1=" " ind2=" ">
    <subfield code="f">1874</subfield>
    <subfield code="g">1950</subfield>
    <subfield code="v">WBIS, May 15, 2012</subfield>
  </datafield>
  <datafield tag="100" ind1="1" ind2=" ">
    <subfield code="a">Robertson Lavalle, Carlos,</subfield>
    <subfield code="d">1874-1950</subfield>
  </datafield>
  <datafield tag="400" ind1="1" ind2=" ">
    <subfield code="a">Lavalle, Carlos Robertson,</subfield>
    <subfield code="d">1874-1950</subfield>
  </datafield>
  <datafield tag="400" ind1="1" ind2=" ">
    <subfield code="a">Robertson Lavalle, C.</subfield>
    <subfield code="q">(Carlos),</subfield>
    <subfield code="d">1874-1950</subfield>
  </datafield>
  <datafield tag="670" ind1=" " ind2=" ">
    <subfield code="a">Biological surgery in bones-tuberculous patients, 1941:</subfield>
    <subfield code="b">t.p. (Carlos Robertson Lavalle, F.A.C.S.)</subfield>
  </datafield>
  <datafield tag="670" ind1=" " ind2=" ">
    <subfield code="a">WBIS, May 15, 2012</subfield>
    <subfield code="b">(male; occupation: me휍혖dico cirujano; profesor universitario; country: Argentina)</subfield>
  </datafield>
  <datafield tag="670" ind1=" " ind2=" ">
    <subfield code="a">Tratamiento biolo휍혖gico de la tuberculosis, 1942:</subfield>
    <subfield code="b">t.p. (Prof. C. Robertson Lavalle)</subfield>
  </datafield>
</record>